<collection xmlns="http://www.loc.gov/MARC21/slim"><record><leader>00878nam  2200217   450</leader><controlfield tag="001">855</controlfield><controlfield tag="003">http://montalegre.opacnet.com/OPAC/default.aspx?ContentAreaControl=ShowRegHoldings.ascx&amp;RegNo=16662</controlfield><datafield tag="100" ind1=" " ind2=" "><subfield code="a">19901017d1974    de y0pory0103    ba</subfield></datafield><datafield tag="101" ind1="1" ind2=" "><subfield code="a">por</subfield><subfield code="c">eng</subfield></datafield><datafield tag="102" ind1=" " ind2=" "><subfield code="a">PT</subfield></datafield><datafield tag="200" ind1="1" ind2=" "><subfield code="a">&lt;As &gt;viagens de Gulliver</subfield><subfield code="f">Jonathan Swift</subfield><subfield code="g">trad. de Maria Francisca Ferreira de Lima</subfield></datafield><datafield tag="210" ind1=" " ind2=" "><subfield code="a">[Mem Martins]</subfield><subfield code="c">Europa-América</subfield><subfield code="d">imp. 1974</subfield></datafield><datafield tag="215" ind1=" " ind2=" "><subfield code="a">272 p.</subfield><subfield code="d">18 cm</subfield></datafield><datafield tag="225" ind1="2" ind2=" "><subfield code="a">Livros de bolso Europa-América</subfield><subfield code="v">87</subfield></datafield><datafield tag="675" ind1=" " ind2=" "><subfield code="a">087.5</subfield><subfield code="v">BN</subfield><subfield code="z">por</subfield><subfield code="v">BN</subfield><subfield code="z">por</subfield><subfield code="3">287999</subfield></datafield><datafield tag="675" ind1=" " ind2=" "><subfield code="a">821.111(417)-93"16/17"</subfield><subfield code="v">BN</subfield><subfield code="z">por</subfield><subfield code="v">BN</subfield><subfield code="z">por</subfield><subfield code="3">1217777</subfield></datafield><datafield tag="675" ind1=" " ind2=" "><subfield code="a">821.111(417)-311.3"16/17"</subfield><subfield code="v">BN</subfield><subfield code="z">por</subfield><subfield code="v">BN</subfield><subfield code="z">por</subfield><subfield code="3">1217640</subfield></datafield><datafield tag="700" ind1=" " ind2="1"><subfield code="a">Swift</subfield><subfield code="b">Jonathan</subfield><subfield code="f">1667-1745</subfield><subfield code="3">122251</subfield></datafield><datafield tag="702" ind1=" " ind2="1"><subfield code="a">Lima</subfield><subfield code="b">Maria Francisca Ferreira de</subfield><subfield code="4">730</subfield><subfield code="3">185731</subfield></datafield><datafield tag="801" ind1=" " ind2="0"><subfield code="a">PT</subfield><subfield code="b">Biblioteca Municipal de Montalegre</subfield><subfield code="g">RPC</subfield></datafield><datafield tag="856" ind1=" " ind2=" "><subfield code="u">locateMedia.asp?cod=20060627104329&amp;ext=jpg</subfield><subfield code="z">CAPA</subfield></datafield><datafield tag="909" ind1="&#9;" ind2=" "><subfield code="a">1</subfield></datafield><datafield tag="966" ind1=" " ind2=" "><subfield code="a">0003107</subfield><subfield code="l">BMM</subfield><subfield code="s">SJ 087.5 SWI gul 87</subfield></datafield></record></collection>